<?xml version="1.0" encoding="UTF-8"?><collection xmlns="http://www.loc.gov/MARC21/slim"><record><leader>00537nam--2200169-i-4500</leader><controlfield tag="001">000042635</controlfield><controlfield tag="002">20161230</controlfield><controlfield tag="005">20161230201043</controlfield><controlfield tag="008">060222s1000------------r-----000-0-eng-d</controlfield><datafield ind1=" " ind2=" " tag="040"><subfield code="a">IFIN-HH</subfield></datafield><datafield ind1=" " ind2=" " tag="080"><subfield code="a">539.163</subfield></datafield><datafield ind1="1" ind2=" " tag="100"><subfield code="a">Cathey, William Newton</subfield></datafield><datafield ind1="1" ind2="0" tag="245"><subfield code="a">A mossbauer effect isomer shift study of 57fe dissolved in 3-d transition metal alloys</subfield><subfield code="b">Dissertation</subfield><subfield code="c">William newton cathey</subfield></datafield><datafield ind1=" " ind2=" " tag="260"><subfield code="a">Ann Arbor, Michigan</subfield><subfield code="b">University Microfilms, Inc</subfield><subfield code="c">1966</subfield></datafield><datafield ind1=" " ind2=" " tag="300"><subfield code="a">75P</subfield></datafield><datafield ind1=" " ind2=" " tag="852"><subfield code="a">32292</subfield><subfield code="c">539.163.2</subfield></datafield><datafield ind1=" " ind2=" " tag="CAT"><subfield code="a">Sys</subfield><subfield code="c">20120523</subfield><subfield code="h">150728</subfield></datafield></record></collection>